This file was created with JabRef 2.2.
Encoding: MacRoman

@BOOK{angel2000,
  title = {Interactive Computer Graphics : A Top-Down Approach with OpenGL},
  publisher = {Addison Wesley Longman},
  year = {2000},
  author = {Edward Angel},
  address = {Boston, MA},
  isbn = {0-201-38597-X}
}

@BOOK{angel2001,
  title = {Batch-file Computer Graphics : A Bottom-Up Approach with QuickTime},
  publisher = {Wesley Addison Longman},
  year = {2001},
  author = {Edward Angel},
  address = {Boston, MA},
  isbn = {0-201-38597-X}
}

@BOOK{angel2002a,
  title = {test second book by angel},
  publisher = {Wesley Addison Longman},
  year = {2001},
  author = {Edward Angel},
  address = {Boston, MA},
  isbn = {0-201-38597-X}
}


@ARTICLE{deussen2000,
  author = {Oliver Deussen and Thomas Strothotte},
  title = {Computer-Generated Pen-and-Ink Illustration of Trees},
  journal = {``Proceedings of'' SIGGRAPH 2000},
  year = {2000},
  pages = {13--18},
  address = {New Orleans, Louisiana},
  editor = {Kurt Akeley},
  isbn = {1-58113-208-5},
  publisher = {ACM Press / ACM SIGGRAPH / Addison Wesley Longman},
  series = {Computer Graphics Proceedings, Annual Conference Series}
}

@BOOK{hipr1997,
  title = {Hypermedia Image Processing Reference},
  publisher = {John Wiley \& Sons},
  year = {1997},
  author = {Robert Fisher and Simon Perkins and Ashley Walker and Erik Wolfart},
  address = {New York, NY},
  isbn = {0-471-96243-0}
}

@BOOK{goochandgooch2001,
  title = {{Non-Photorealistic Rendering}},
  publisher = {A K Peters},
  year = {2001},
  author = {Bruce Gooch and Amy Gooch},
  address = {Natick, Massachusetts},
  isbn = {1-56881-133-0}
}

@BOOK{goochandgooch2001a,
  title = {Test second book by gooches},
  publisher = {A K Peters},
  year = {2001},
  author = {Bruce Gooch and Amy Gooch},
  address = {Natick, Massachusetts},
  isbn = {1-56881-133-0}
}


@ARTICLE{hertzmann2000,
  author = {Aaron Hertzmann and Dennis Zorin},
  title = {Illustrating Smooth Surfaces},
  journal = {Proceedings of SIGGRAPH 2000},
  year = {2000},
  volume = {5},
  number = {17},
  pages = {517--526},
  month = {July},
  address = {New Orleans, Louisiana},
  editor = {Kurt Akeley},
  isbn = {1-58113-208-5},
  publisher = {ACM Press / ACM SIGGRAPH / Addison Wesley Longman},
  series = {Computer Graphics Proceedings, Annual Conference Series}
}

@BOOK{jain1989,
  title = {Fundamentals of Digital Image Processing},
  publisher = {Prentice-Hall},
  year = {1989},
  author = {Anil K. Jain},
  address = {Englewood Cliffs, New Jersey},
  isbn = {0-13-336165-9}
}

@INCOLLECTION{Molina1994,
  author = {Molina,  S. T.  and Borkovec,  T. D.},
  title = {The {P}enn {S}tate Worry Questionnaire: Psychometric properties and
	associated characteristics},
  booktitle = {Worrying: Perspectives on theory, assessment and treatment},
  publisher = {Wiley},
  year = {1994},
  editor = {G. C. L. Davey and F. Tallis},
  pages = {265-283},
  address = {New York},
  owner = {salzberg},
  timestamp = {2007.04.18}
}

@PHDTHESIS{noble2002,
  author = {Noble, Samuel G.},
  title = {Turning images into simple line-art},
  school = {Reed College},
  year = {2002},
  type = {Undergraduate thesis},
  date-added = {2007-03-14 10:12:04 -0700},
  date-modified = {2007-03-14 10:30:42 -0700}
}

@MISC{reedweb2007,
  author = {Reed{\ }College},
  title = {LaTeX Your Document},
  month = {March},
  year = {2007},
  date-added = {2007-03-14 10:07:06 -0700},
  date-modified = {2007-03-14 10:09:03 -0700},
  lastchecked = {March 14, 2007},
  url = {http://web.reed.edu/cis/help/LaTeX/index.html}
}

@BOOK{russ1995,
  title = {{The Image Processing Handbook, Second Edition}},
  publisher = {CRC Press},
  year = {1995},
  author = {John C. Russ},
  address = {Boca Raton, Florida},
  isbn = {0-8493-2516-1}
}

@ARTICLE{salisbury1997,
  author = {Michael P. Salisbury and Michael T. Wong and John F. Hughes and David
	H. Salesin},
  title = {Orientable Textures for Image-Based Pen-and-Ink Illustration},
  journal = {``Proceedings of'' SIGGRAPH 97},
  year = {1997},
  pages = {401--406},
  month = {August},
  address = {Los Angeles, California},
  editor = {Turner Whitted},
  isbn = {0-89791-896-7},
  publisher = {Addison Wesley},
  series = {Computer Graphics Proceedings, Annual Conference Series}
}

@BOOK{savitch2001,
  title = {JAVA: An Introduction to Computer Science \& Programming},
  publisher = {Prentice Hall},
  year = {2001},
  author = {Walter Savitch},
  address = {Upper Saddle River, New Jersey},
  isbn = {0-13-031697-0}
}

@MASTERSTHESIS{wong1999,
  author = {Eric Wong},
  title = {{Artistic Rendering of Portrait Photographs}},
  school = {Cornell University},
  year = {1999}
}

@BOOK{hyndman2018,
  title = {Forecasting: Principles and Practice},
  publisher = {OTexts},
  year = {2018},
  author = {Rob J Hyndman and George Athanasopoulos},
  address = {Melbourne, Australia},
  pages = {Section 9.2},
}

@ARTICLE{kwiatkowski1992,
  author = {Denis Kwiatkowski and Peter C.B. Phillips snd Peter Schmidt and YongcheolShin},
  title = {Testing the null hypothesis of stationarity against the alternative of a unit root: How sure are we that economic time series have a unit root?},
  journal = {Journal of Econometrics},
  year = {1992},
  pages = {159--178},
  month = {October},
  url = {https://doi.org/10.1016/0304-4076(92)90104-Y}
}

@ARTICLE{kambhatla1997,
  author = {Nandakishore Kambhatla and Todd K. Leen},
  title = {Dimension Reduction by Local Principal Component Analysis},
  journal = {Neural Computation},
  year = {1997},
  pages = {1493--1516},
  month = {October},
  url = {https://doi.org/10.1162/neco.1997.9.7.1493 }
}

@BOOK{brockwell1991,
  title = {Time Series: Theory and Methods, 2nd Edition},
  publisher = {Springer-Verlag, New York},
  year = {2018},
  pages = {373--375},
  author = {Peter J. Brockwell and Richard A. Davis}
}


@ARTICLE{pavlyshenko2019,
  author = {Bohdan M. Pavlyshenko},
  title = {Machine-Learning Models for Sales Time Series Forecasting},
  journal = {MDPI},
  year = {2019},
  month = {January},
  url = {https://www.mdpi.com/2306-5729/4/1/15/pdf}
 }


@BOOK{molnar2019,
  title = {Interpretable Machine Learning - A Guide for Making Black Box Models Explainable},
  publisher = {Springer-Verlag, New York},
  year = {2019},
  pages = {Chapter 5, Section 8},
  author = {Christoph Molnar}, 
  isbn = {9780244768522}
}

@ARTICLE{connor1994,
  author = {J.T. Connor and R.D. Martin and L.E. Atlas},
  title = {Recurrent neural networks and robust time series prediction},
  journal = {IEEE Transactions on Neural Networks},
  year = {1994},
  volume = {5},
  number = {2},
  pages = {240--254},
  month = {March},
  publisher = {IEEE}
 }

@ARTICLE{shi2015,
  author = {Xingjian Shi and Zhourong Chen and Hao Wang and Dit-Yan Yeung and Wai-Kin Wong and Wang-chun Woo},
  title = {Convolutional LSTM Network: A Machine Learning Approach for Precipitation Nowcasting},
  year = {2015},
  month = {September},
  address = {Hong Kong, China}
 }

@ARTICLE{hochreiter1997,
  author = {Sepp Hochreiter and Jurgen Schmidhuber},
  title = {Long Short-Term Memory},
  journal = {Neural Computation},
  year = {1997},
  volume = {9},
  number = {8},
  pages = {1735--1780}
 }

@ARTICLE{chen2016,
  author = {Tianqi Chen and Carlos Guestrin},
  title = {XGBoost: A Scalable Tree Boosting System},
  journal = {KDD '16 Proceedings of the 22nd ACM SIGKDD International Conference on Knowledge Discovery and Data Mining},
  year = {2016},
  pages = {785-794},
  month = {August},
  address = {San Francisco, California},
  isbn = {978-1-4503-4232-2}
 }
 @MISC{qsr50,
 author = {QSR Magazine},
 title = {The QSR 50},
 year = {2018},
 date-accessed = {2019-06-02 13:49:00 -0700},
 lastchecked = {June 2, 2019},
 url = {https://www.qsrmagazine.com/content/qsr50-2018-top-50-chart}
}

